@article{singh2020analyzing,
  title={Analyzing the startup ecosystem of India: a Twitter analytics perspective},
  author={Singh, Shiwangi and Chauhan, Akshay and Dhir, Sanjay},
  journal={Journal of Advances in Management Research},
  volume={17},
  number={2},
  pages={262--281},
  year={2020},
  publisher={Emerald Publishing Limited}
}
@article{rajeswari2021fintech,
  title={Fintech industry in India: the revolutionized finance sector},
  author={Rajeswari, P and Vijai, C},
  journal={Eur. J. Mol. Clin. Med},
  volume={8},
  number={11},
  pages={4300--4306},
  year={2021}
}
@article{vijai2019fintech,
  title={FinTech in India--opportunities and challenges},
  author={Vijai, C},
  journal={SAARJ Journal on Banking \& Insurance Research (SJBIR) Vol},
  volume={8},
  year={2019}
}
@article{gupta2021analytical,
  title={Analytical study of fintech in India: Pre \& Post Pandemic covid-19},
  author={Gupta, Sumeet and Agrawal, Adarsh},
  journal={Indian Journal of Economics and Business},
  volume={20},
  number={3},
  pages={33--71},
  year={2021}
}
@article{jain2016growth,
  title={Growth of startup ecosystems in India},
  author={Jain, Surabhi},
  journal={International Journal of Applied Research},
  volume={2},
  number={12},
  pages={152--154},
  year={2016}
}
@article{bhagavatula2019innovation,
  title={Innovation and entrepreneurship in India: An overview},
  author={Bhagavatula, Suresh and Mudambi, Ram and Murmann, Johann Peter},
  journal={Management and Organization Review},
  volume={15},
  number={3},
  pages={467--493},
  year={2019},
  publisher={Cambridge University Press}
}
@phdthesis{bento2018predicting,
  title={Predicting start-up success with machine learning},
  author={Bento, Francisco Ramadas da Silva Ribeiro},
  year={2018}
}
@article{sreenivasan2022modeling,
  title={Modeling the enablers of sourcing risks faced by startups in COVID-19 era},
  author={Sreenivasan, Aswathy and Suresh, M},
  journal={Journal of Global Operations and Strategic Sourcing},
  volume={15},
  number={2},
  pages={151--171},
  year={2022},
  publisher={Emerald Publishing Limited}
}
@inproceedings{bangdiwala2022predicting,
  title={Predicting Success Rate of Startups using Machine Learning Algorithms},
  author={Bangdiwala, Malhar and Mehta, Yashvi and Agrawal, Smrithi and Ghane, Sunil},
  booktitle={2022 2nd Asian Conference on Innovation in Technology (ASIANCON)},
  pages={1--6},
  year={2022},
  organization={IEEE}
}
@article{dellermann2021finding,
  title={Finding the unicorn: Predicting early stage startup success through a hybrid intelligence method},
  author={Dellermann, Dominik and Lipusch, Nikolaus and Ebel, Philipp and Popp, Karl Michael and Leimeister, Jan Marco},
  journal={arXiv preprint arXiv:2105.03360},
  year={2021}
}
@article{okrah2018factors,
  title={Factors affecting startup innovation and growth},
  author={Okrah, James and Nepp, Alexander},
  journal={Journal of Advanced Management Science Vol},
  volume={6},
  number={1},
  year={2018}
}
@article{omri2015empirical,
  title={An empirical investigation of factors affecting small business success},
  author={Omri, Anis and Frikha, Maha Ayadi and Bouraoui, Mohamed Amine},
  journal={Journal of Management Development},
  volume={34},
  number={9},
  pages={1073--1093},
  year={2015},
  publisher={Emerald Group Publishing Limited}
}
@article{sreenivasan2023modelling,
  title={Modelling the resilience of start-ups during COVID-19 pandemic},
  author={Sreenivasan, Aswathy and Suresh, Ma and Tuesta Panduro, Juan Alfredo},
  journal={Benchmarking: An International Journal},
  volume={30},
  number={6},
  pages={2085--2109},
  year={2023},
  publisher={Emerald Publishing Limited}
}
@article{raj2022developing,
  title={Developing Cross-Cultural Competencies in Startups after Covid-19: An Overview.},
  author={Raj, Himani and Shree, Sonal and Dange, Pravin},
  journal={Cardiometry},
  number={23},
  year={2022}
}
@article{raheja2023machine,
  title={Machine learning-based diffusion model for prediction of coronavirus-19 outbreak},
  author={Raheja, Supriya and Kasturia, Shreya and Cheng, Xiaochun and Kumar, Manoj},
  journal={Neural Computing and Applications},
  volume={35},
  number={19},
  pages={13755--13774},
  year={2023},
  publisher={Springer}
}
@phdthesis{zhang2022startups,
  title={Startups uncertainty during the Covid-19 crisis: Regression analysis on the epidemic new cases and startup investment funds},
  author={Zhang, Zhetao},
  year={2022}
}
@article{zhimeng2021assessing,
  title={Assessing the Impact of the COVID-19 Pandemic on the Economies of China and Russia},
  author={Zhimeng, Li and Lukin, Evgenii V and Fangfu, Sheng and Wenkai, Zeng},
  journal={Ekonomicheskie i Sotsialnye Peremeny},
  volume={14},
  number={5},
  pages={277--299},
  year={2021},
  publisher={Russian Academy of Sciences, Institute of Socio-Economic Development of~…}
}
@inproceedings{wagh2022study,
  title={A STUDY ON THE IMPACT OF COVID-19 PANDEMIC AND RECOVERY OF INDIAN ECONOMY},
  author={Wagh, Pushpraj and Patil, Vaibhav},
  booktitle={2 nd International Conference on Innovation in Management \& Information Technology},
  pages={221},
  year={2022}
}
@article{sujath2020machine,
  title={A machine learning forecasting model for COVID-19 pandemic in India},
  author={Sujath, R at al and Chatterjee, Jyotir Moy and Hassanien, Aboul Ella},
  journal={Stochastic Environmental Research and Risk Assessment},
  volume={34},
  pages={959--972},
  year={2020},
  publisher={Springer}
}
@article{agarwal2021changing,
  title={Changing business pattern of e-commerce industry of India: a covid 19 effect},
  author={Agarwal, Sulabh and Srivastava, Shekhar},
  journal={Proceedings on Engineering Sciences. India},
  volume={3},
  number={3},
  pages={247--254},
  year={2021}
}
@article{kumar2020social,
  title={Social economic impact of COVID-19 outbreak in India},
  author={Kumar, Sandeep and Maheshwari, V and Prabhu, J and Prasanna, M and Jayalakshmi, P and Suganya, P and Malar, Benjula Anbu and Jothikumar, R},
  journal={International journal of pervasive computing and communications},
  volume={16},
  number={4},
  pages={309--319},
  year={2020},
  publisher={Emerald Publishing Limited}
}
@incollection{mukul2023innovative,
  title={Innovative and Technology-Led Strategies Adopted by Start-ups in India during COVID-19 Pandemic},
  author={Mukul, Kumar and Padmaja, V and Jayadatta, S and Murthy, Yashaswini and Balasubramanyam, Megha},
  booktitle={INDIA’S TECHNOLOGY-LED DEVELOPMENT: Managing Transitions to a Digital Future},
  pages={179--206},
  year={2023},
  publisher={World Scientific}
}
@article{parthasarathy2022decision,
  title={A decision framework for software startups to succeed in COVID-19 environment},
  author={Parthasarathy, Sudhaman},
  journal={Decision Analytics Journal},
  volume={3},
  pages={100037},
  year={2022},
  publisher={Elsevier}
}
@article{varma2023restarting,
  title={Restarting MSMEs and start-ups post COVID-19: a grounded theory approach to identify success factors to tackle changed business landscape},
  author={Varma, Deepkumar and Dutta, Pankaj},
  journal={Benchmarking: An International Journal},
  volume={30},
  number={6},
  pages={1912--1941},
  year={2023},
  publisher={Emerald Publishing Limited}
}
@article{yadav2021impact,
  title={Impact of Covid-19 on Different Entrepreneurial Schemes},
  author={Yadav, Ankit},
  journal={Asian Microeconomic Review},
  volume={1},
  number={1},
  pages={16--23},
  year={2021}
}
@article{dalal2019esg,
  title={ESG and corporate financial performance: A panel study of Indian companies},
  author={Dalal, Karishma K and Thaker, Nimit},
  journal={IUP Journal of Corporate Governance},
  volume={18},
  number={1},
  pages={44--59},
  year={2019},
  publisher={IUP Publications}
}
@article{mungila2020entrepreneurial,
  title={Entrepreneurial ecosystem for tech start-ups in Bangalore: an exploration of structure and gap},
  author={Mungila Hillemane, Bala Subrahmanya},
  journal={Journal of Small Business and Enterprise Development},
  volume={27},
  number={7},
  pages={1167--1185},
  year={2020},
  publisher={Emerald Publishing Limited}
}
@article{verma2022machine,
  title={Machine learning based predictive model and systems-level network of host-microbe interactions in post-COVID-19 mucormycosis},
  author={Verma, Anukriti and Rathi, Bhawna},
  journal={Microbial pathogenesis},
  volume={162},
  pages={105324},
  year={2022},
  publisher={Elsevier}
}
@article{eliganurstudy,
  title={A STUDY ON EMPLOYMENT OPPORTUNITIES: STARTUP INDIA INITIATIVE},
  author={Eliganur, Mr Basavaraja and Ravi, B}
}
@article{shah2023study,
  title={A STUDY ON EFFECT OF GOVERNMENT POLICIES ON STARTUP},
  author={Shah, CA Fenil and Jokhi, CDME},
  year={2023}
}
@article{mittal2021impact,
  title={The impact of COVID-19 on stock returns of the Indian healthcare and pharmaceutical sector},
  author={Mittal, Shivam and Sharma, Dipasha},
  journal={Australasian Accounting, Business and Finance Journal},
  volume={15},
  number={1},
  pages={5--21},
  year={2021}
}
@article{rijal2021five,
  title={The Five Biggest Factors Challenging Start-ups in Nepal},
  author={Rijal, Sushant and Poudel, Smriti and Upadhyay, Paras},
  journal={Westcliff International Journal of Applied Research},
  volume={5},
  number={1},
  pages={64--76},
  year={2021}
}
@article{sundaram2022factors,
  title={FACTORS INCREASING ENTREPRENEuRS’LOSS CONCERNS AND ROLE OF STARTuP ACCELERATORS IN LOSS PROTECTION},
  author={Sundaram, Ranjany and Shetty, Snehal and Palakkeel, Prashobhan},
  year={2022}
}
@inproceedings{salamzadeh2015startup,
  title={Startup companies: Life cycle and challenges},
  author={Salamzadeh, Aidin and Kawamorita Kesim, Hiroko},
  booktitle={4th International conference on employment, education and entrepreneurship (EEE), Belgrade, Serbia},
  year={2015}
}
@article{al2023factors,
  title={Factors influencing entrepreneurial intention of university students in Yemen: The mediating role of entrepreneurial self-efficacy},
  author={Al-Qadasi, Nabil and Zhang, Gongyi and Al-Awlaqi, Mohammed Ali and Alshebami, Ali Saleh and Aamer, Ammar},
  journal={Frontiers in Psychology},
  volume={14},
  pages={1111934},
  year={2023},
  publisher={Frontiers Media SA}
}
@article{buarbulescu2021innovation,
  title={Innovation of startups, the key to unlocking post-crisis sustainable growth in Romanian entrepreneurial ecosystem},
  author={B{\u{a}}rbulescu, Oana and Tec{\u{a}}u, Alina Simona and Munteanu, Daniel and Constantin, Cristinel Petri{\c{s}}or},
  journal={Sustainability},
  volume={13},
  number={2},
  pages={671},
  year={2021},
  publisher={MDPI}
}
@article{garcia2016innovation,
  title={The Innovation Pivot Framework: Fostering Business Model Innovation in Startups: A new tool helps entrepreneurs design business models by identifying the sources of competitive advantage embedded in an innovation.},
  author={Garc{\'\i}a-Guti{\'e}rrez, Isabel and Mart{\'\i}nez-Borreguero, F Javier},
  journal={Research-Technology Management},
  volume={59},
  number={5},
  pages={48--56},
  year={2016},
  publisher={Taylor \& Francis}
}
@article{dawadi2021mixed,
  title={Mixed-methods research: A discussion on its types, challenges, and criticisms},
  author={Dawadi, Saraswati and Shrestha, Sagun and Giri, Ram A},
  journal={Journal of Practical Studies in Education},
  volume={2},
  number={2},
  pages={25--36},
  year={2021}
}
@article{pasayat2022determination,
  title={Determination of essential features for predicting start-up success: an empirical approach using machine learning},
  author={Pasayat, Ajit Kumar and Mitra, Adway and Bhowmick, Bhaskar},
  journal={Technology Analysis \& Strategic Management},
  pages={1--19},
  year={2022},
  publisher={Taylor \& Francis}
}
@article{geurts2006extremely,
  title={Extremely randomized trees},
  author={Geurts, Pierre and Ernst, Damien and Wehenkel, Louis},
  journal={Machine learning},
  volume={63},
  pages={3--42},
  year={2006},
  publisher={Springer}
}
@inproceedings{sharma2019challenges,
  title={Challenges and Issues Faced by Startup Companies in India},
  author={Sharma, Sarika and Raj, Mrinal and Gandhi, Tanya},
  booktitle={Sixteenth AIMS International Conference on Management ISBN},
  pages={978--1},
  year={2019}
}
@article{korreck2019indian,
  title={The Indian startup ecosystem: Drivers, challenges and pillars of support},
  author={Korreck, Sabrina},
  journal={ORF Occasional Paper},
  volume={210},
  year={2019}
}
@article{hyytinen2015does,
  title={Does innovativeness reduce startup survival rates?},
  author={Hyytinen, Ari and Pajarinen, Mika and Rouvinen, Petri},
  journal={Journal of business venturing},
  volume={30},
  number={4},
  pages={564--581},
  year={2015},
  publisher={Elsevier}
}
@article{kumar2023resilience,
  title={Resilience and recovery of Indian start-ups},
  author={Kumar, Jyothi and Rai, Rashmi},
  journal={Managing and Strategising Global Business in Crisis: Resolution, Resilience and Reformation},
  year={2023},
  publisher={Taylor \& Francis}
}
@article{garg2021startups,
  title={Startups and the growing entrepreneurial ecosystem},
  author={Garg, Malvika and Gupta, Suman},
  year={2021},
  publisher={NISCAIR-CSIR, India}
}
@inproceedings{venugopal2021comparison,
  title={A comparison of deep-learning methods for analysing and predicting business processes},
  author={Venugopal, Ishwar and T{\"o}llich, Jessica and Fairbank, Michael and Scherp, Ansgar},
  booktitle={2021 International Joint Conference on Neural Networks (IJCNN)},
  pages={1--8},
  year={2021},
  organization={IEEE}
}
@inproceedings{osareh2002comparative,
  title={Comparative exudate classification using support vector machines and neural networks},
  author={Osareh, Alireza and Mirmehdi, Majid and Thomas, Barry and Markham, Richard},
  booktitle={Medical Image Computing and Computer-Assisted Intervention—MICCAI 2002: 5th International Conference Tokyo, Japan, September 25--28, 2002 Proceedings, Part II 5},
  pages={413--420},
  year={2002},
  organization={Springer}
}
@article{yeh2010hybrid,
  title={A hybrid approach of DEA, rough set and support vector machines for business failure prediction},
  author={Yeh, Ching-Chiang and Chi, Der-Jang and Hsu, Ming-Fu},
  journal={Expert Systems with Applications},
  volume={37},
  number={2},
  pages={1535--1541},
  year={2010},
  publisher={Elsevier}
}
@article{rodrigues2021companies,
  title={What companies can learn from unicorn startups to overcome the COVID-19 crisis},
  author={Rodrigues, Cristina Doritta and de Noronha, Matheus Eurico Soares},
  journal={Innovation \& Management Review},
  number={ahead-of-print},
  year={2021},
  publisher={Emerald Publishing Limited}
}
@article{lee2008strategy,
  title={Strategy of start-ups for IPO timing across high technology industries},
  author={Lee, Yoon-Jun and Lee, Jeong-Dong},
  journal={Applied Economics Letters},
  volume={15},
  number={11},
  pages={869--877},
  year={2008},
  publisher={Taylor \& Francis}
}
@misc{githubGitHubPrinka4DataScienceDissertation,
	author = {Priyanka Jiddigere Venkatesh},
	title = {{G}it{H}ub - prinka4/{D}ata{S}cience{D}issertation --- github.com},
	howpublished = {\url{https://github.com/prinka4/DataScienceDissertation}},
	year = {},
	note = {[Accessed 15-08-2023]},
}